@book{oy,
  title={Оптимальное управление. Линейная теория и приложения},
  author={Киселев Ю. Н., Аввакумов С. Н., Орлов М. В.},
  year={2007},
  publisher={М.:МАКС Пресс},
  isbn={9785317020385}
}